<record><leader>00000cas a22000007a 4500</leader><controlfield tag="001">22292148</controlfield><controlfield tag="008">900829d18uu1uuunyuwr ne      0    0eng d</controlfield><datafield ind1=" " ind2=" " tag="010"><subfield code="a">sn 90066286 </subfield></datafield><datafield ind1=" " ind2=" " tag="040"><subfield code="a">NYS</subfield><subfield code="b">eng</subfield><subfield code="c">NYS</subfield><subfield code="d">OCL</subfield><subfield code="d">OCLCQ</subfield><subfield code="d">OCLCF</subfield><subfield code="d">OCLCO</subfield></datafield><datafield ind1=" " ind2=" " tag="042"><subfield code="a">msc</subfield></datafield><datafield ind1=" " ind2=" " tag="043"><subfield code="a">n-us-ny</subfield></datafield><datafield ind1="0" ind2=" " tag="130"><subfield code="a">Ensign (Livingston Manor, N.Y.)</subfield></datafield><datafield ind1="1" ind2="4" tag="245"><subfield code="a">The Ensign.</subfield></datafield><datafield ind1="1" ind2="3" tag="246"><subfield code="a">Weekly Ensign</subfield></datafield><datafield ind1=" " ind2=" " tag="260"><subfield code="a">Livingston Manor, N.Y. :</subfield><subfield code="b">Ensign Bros.</subfield></datafield><datafield ind1=" " ind2=" " tag="300"><subfield code="a">v. ;</subfield><subfield code="c">48 cm.</subfield></datafield><datafield ind1=" " ind2=" " tag="310"><subfield code="a">Weekly</subfield></datafield><datafield ind1=" " ind2=" " tag="500"><subfield code="a">Publishers: Ensign Brothers, &lt;1892&gt;; W.O. Ensign, &lt;1897&gt;.</subfield></datafield><datafield ind1=" " ind2=" " tag="588"><subfield code="a">Description based on: Vol. 11, no. 4 (June 2, 1892).</subfield></datafield><datafield ind1=" " ind2=" " tag="588"><subfield code="a">Latest issue consulted: Vol. 15, no. 24 (Nov. 18, 1897).</subfield></datafield><datafield ind1=" " ind2="0" tag="651"><subfield code="a">Livingston Manor (N.Y.)</subfield><subfield code="v">Newspapers.</subfield></datafield><datafield ind1=" " ind2="7" tag="655"><subfield code="a">Newspapers.</subfield><subfield code="2">fast</subfield><subfield code="0">(OCoLC)fst01423814</subfield></datafield><datafield ind1=" " ind2="7" tag="651"><subfield code="a">New York (State)</subfield><subfield code="z">Livingston Manor.</subfield><subfield code="2">fast</subfield><subfield code="0">(OCoLC)fst01220899</subfield></datafield><datafield ind1=" " ind2=" " tag="752"><subfield code="a">United States</subfield><subfield code="b">New York</subfield><subfield code="c">Sullivan</subfield><subfield code="d">Livingston Manor.</subfield></datafield><datafield ind1="0" ind2="0" tag="785"><subfield code="t">Livingston Manor times</subfield><subfield code="w">(DLC)sn 90066304</subfield><subfield code="w">(OCoLC)22282425</subfield></datafield></record>